<?xml version = "1.0" encoding = "UTF-8"?><OAI-PMH xmlns="http://www.openarchives.org/OAI/2.0/" xmlns:xsi="http://www.w3.org/2001/XMLSchema-instance" xsi:schemaLocation="http://www.openarchives.org/OAI/2.0/ http://www.openarchives.org/OAI/2.0/OAI-PMH.xsd"><ListRecords><record><header><identifier>aleph-publish:020775046</identifier></header><metadata><record xmlns="http://www.ddb.de/professionell/mabxml/mabxml-1.xsd"><leader>------M2.01200024------h</leader><controlfield tag="LDR">------M2.01200024------h</controlfield><controlfield tag="FMT">MH</controlfield><datafield tag="001" ind1="-" ind2="1"><subfield code="a">HT018617137</subfield></datafield><datafield tag="002" ind1="a" ind2="1"><subfield code="a">20150424</subfield></datafield><datafield tag="003" ind1="-" ind2="1"><subfield code="a">20220504121000.0</subfield></datafield><datafield tag="026" ind1="-" ind2="1"><subfield code="a">HBZHT018617137</subfield></datafield><controlfield tag="030">a|1ur||||||17</controlfield><datafield tag="036" ind1="a" ind2="1"><subfield code="a">DE</subfield></datafield><datafield tag="037" ind1="b" ind2="1"><subfield code="a">ger</subfield></datafield><controlfield tag="050">||||||||g|||||</controlfield><controlfield tag="051">m|||||||</controlfield><datafield tag="060" ind1="-" ind2="1"><subfield code="b">txt</subfield><subfield code="a">Text</subfield></datafield><datafield tag="061" ind1="-" ind2="1"><subfield code="b">c</subfield><subfield code="a">Computermedien</subfield></datafield><datafield tag="062" ind1="-" ind2="1"><subfield code="b">cr</subfield><subfield code="a">Online-Ressource</subfield></datafield><datafield tag="070" ind1="-" ind2="1"><subfield code="a">5</subfield></datafield><datafield tag="070" ind1="b" ind2="1"><subfield code="a">1032</subfield></datafield><datafield tag="078" ind1="i" ind2="1"><subfield code="a">iall</subfield></datafield><datafield tag="078" ind1="r" ind2="1"><subfield code="a">epfl-5</subfield></datafield><datafield tag="078" ind1="n" ind2="1"><subfield code="a">NWBib-5</subfield></datafield><datafield tag="080" ind1="-" ind2="1"><subfield code="a">60</subfield></datafield><datafield tag="100" ind1="-" ind2="1"><subfield code="p">Helm, Eva Maria</subfield><subfield code="9">(DE-588)1075201926</subfield></datafield><datafield tag="331" ind1="-" ind2="1"><subfield code="a">Nachhaltige Forschung an Fachhochschulen in NRW</subfield></datafield><datafield tag="335" ind1="-" ind2="1"><subfield code="a">Forschung gestaltet unsere Lebenswelten</subfield></datafield><datafield tag="359" ind1="-" ind2="1"><subfield code="a">[Text: Eva Maria Helm]</subfield></datafield><datafield tag="419" ind1="-" ind2="1"><subfield code="a">Köln</subfield><subfield code="b">Projekt &quot;Nachhaltige Forschung an Fachhochschulen in NRW&quot;</subfield><subfield code="c">Januar 2015</subfield></datafield><datafield tag="425" ind1="a" ind2="1"><subfield code="a">2015</subfield></datafield><datafield tag="433" ind1="-" ind2="1"><subfield code="a">1 Online-Ressource (55 Seiten)</subfield></datafield><datafield tag="434" ind1="-" ind2="1"><subfield code="a">Illustrationen</subfield></datafield><datafield tag="451" ind1="-" ind2="1"><subfield code="a">Menschen &amp; Fortschritt</subfield></datafield><datafield tag="540" ind1="a" ind2="1"><subfield code="a">978-3-9816422-1-6</subfield></datafield><datafield tag="552" ind1="b" ind2="1"><subfield code="a">urn:nbn:de:hbz:5:2-66128</subfield></datafield><datafield tag="586" ind1="-" ind2="1"><subfield code="a">Open Access</subfield><subfield code="f">Unrestricted online access</subfield><subfield code="2">star</subfield></datafield><datafield tag="655" ind1="e" ind2="1"><subfield code="u">http://nbn-resolving.de/urn:nbn:de:hbz:5:2-66128</subfield><subfield code="x">Resolving-System</subfield><subfield code="z">kostenfrei</subfield><subfield code="3">Volltext</subfield><subfield code="A">0</subfield></datafield><datafield tag="655" ind1="e" ind2="1"><subfield code="m">B:DE-101</subfield><subfield code="q">application/pdf</subfield><subfield code="u">http://digitale-objekte.hbz-nrw.de/storage2/2017/09/30/file_10/7403295.pdf</subfield><subfield code="3">Inhaltsverzeichnis</subfield><subfield code="A">2</subfield></datafield><datafield tag="700" ind1="n" ind2="1"><subfield code="a">Nordrhein-Westfalen</subfield><subfield code="0">https://nwbib.de/spatial#N01</subfield></datafield><datafield tag="700" ind1="n" ind2="1"><subfield code="a">Fachhochschulen</subfield><subfield code="0">https://nwbib.de/subjects#N796000</subfield></datafield><datafield tag="776" ind1="-" ind2="1"><subfield code="i">Erscheint auch als</subfield><subfield code="n">Druck-Ausgabe</subfield><subfield code="9">HT019464162</subfield></datafield><datafield tag="902" ind1="-" ind2="1"><subfield code="g">Nordrhein-Westfalen</subfield><subfield code="9">(DE-588)4042570-8</subfield></datafield><datafield tag="902" ind1="-" ind2="1"><subfield code="s">Fachhochschule</subfield><subfield code="9">(DE-588)4016172-9</subfield></datafield><datafield tag="902" ind1="-" ind2="1"><subfield code="s">Forschung und Entwicklung</subfield><subfield code="9">(DE-588)4017897-3</subfield></datafield><datafield tag="902" ind1="-" ind2="1"><subfield code="s">Nachhaltigkeit</subfield><subfield code="9">(DE-588)4326464-5</subfield></datafield><datafield tag="902" ind1="-" ind2="1"><subfield code="f">Online-Ressource</subfield></datafield><controlfield tag="SYS">020775046</controlfield><datafield tag="LOW" ind1="-" ind2="1"><subfield code="a">Q0001</subfield></datafield><datafield tag="952" ind1="-" ind2="1"><subfield code="g">Nord-Westphalie</subfield></datafield><datafield tag="952" ind1="-" ind2="1"><subfield code="g">Norte-Westfalia</subfield></datafield><datafield tag="952" ind1="-" ind2="1"><subfield code="g">NRW</subfield></datafield><datafield tag="952" ind1="-" ind2="1"><subfield code="g">North Rhine-Westphalia</subfield></datafield><datafield tag="952" ind1="-" ind2="1"><subfield code="g">NW</subfield></datafield><datafield tag="952" ind1="-" ind2="1"><subfield code="g">Noordrijn-Westfalen</subfield></datafield><datafield tag="952" ind1="-" ind2="1"><subfield code="g">North-Rhine/Westphalia</subfield></datafield><datafield tag="952" ind1="-" ind2="1"><subfield code="g">Land Nordrhein-Westfalen</subfield></datafield><datafield tag="952" ind1="-" ind2="1"><subfield code="s">Fachhochschulen</subfield></datafield><datafield tag="952" ind1="-" ind2="1"><subfield code="s">Hochschule für angewandte Wissenschaften</subfield></datafield><datafield tag="952" ind1="-" ind2="1"><subfield code="s">University of applied sciences</subfield></datafield><datafield tag="952" ind1="-" ind2="1"><subfield code="s">Forschung</subfield><subfield code="x">Entwicklung</subfield></datafield><datafield tag="952" ind1="-" ind2="1"><subfield code="s">FuE</subfield></datafield><datafield tag="952" ind1="-" ind2="1"><subfield code="s">Research and development</subfield></datafield><datafield tag="952" ind1="-" ind2="1"><subfield code="s">F&amp;E</subfield></datafield><datafield tag="952" ind1="-" ind2="1"><subfield code="s">R&amp;D</subfield></datafield><datafield tag="952" ind1="-" ind2="1"><subfield code="s">Entwicklung</subfield><subfield code="h">F&amp;E</subfield></datafield><datafield tag="952" ind1="-" ind2="1"><subfield code="s">Nachhaltige Entwicklung</subfield></datafield><datafield tag="952" ind1="-" ind2="1"><subfield code="s">Langfristige Entwicklung</subfield></datafield><datafield tag="952" ind1="-" ind2="1"><subfield code="s">Sustainable Development</subfield></datafield><datafield tag="952" ind1="-" ind2="1"><subfield code="s">Dauerhafte Entwicklung</subfield></datafield><datafield tag="952" ind1="-" ind2="1"><subfield code="s">Zukunftsfähige Entwicklung</subfield></datafield><datafield tag="088" ind1=" " ind2=" "><subfield code="a">1032</subfield></datafield><datafield tag="088" ind1=" " ind2=" "><subfield code="a">5</subfield></datafield></record></metadata></record></ListRecords></OAI-PMH>